@Book{Islam:2002,
	title={The right to tell: the role of mass media in economic development},
	author={Islam, Roumeen and Djankov, Simeon},
	year={2002},
	url = {http://bit.ly/2J6hjyl},
	@url = {https://books.google.com.br/books?id=56punueI7G0C&printsec=frontcover&dq=The+Right+to+Tell:+The+Role+of+Mass+Media+in+Economic+Development&hl=en&sa=X&ved=0ahUKEwiPn-zx8YriAhVyILkGHT5LDVoQ6AEIKjAA#v=onepage&q=The%20Right%20to%20Tell%3A%20The%20Role%20of%20Mass%20Media%20in%20Economic%20Development&f=false},
	urlaccessdate={5 mar. 2019},
	edition = {1},
	publisher={The World Bank}
}

@Book{Stair:2015,
	title={Princípios de sistemas de informação: uma abordagem gerencial},
	author={Stair, Ralph. M. and Reynolds, George. Walter.},
	year={2015},
	edition = {1},
	publisher={Cengage Learning}
}

@Book{Barbosa:2010,
	title={Interação humano-computador},
	author={Barbosa, Simone and Silva, Bruno},
	year={2010},
	url = {http://bit.ly/3059Ncg},
	@url = {https://books.google.com.br/books?id=qk0skwr_cewC&printsec=frontcover&dq=Intera%C3%A7%C3%A3o+Humano+Computador&hl=pt-BR&sa=X&ved=0ahUKEwjD8cew8YriAhV4GbkGHdWiAgsQ6AEIKTAA#v=onepage&q=Intera%C3%A7%C3%A3o%20Humano%20Computador&f=false},
	publisher={Elsevier Brasil},
	edition = {11},
	urlaccessdate={10 mar. 2019}
}

@Article{Arruda:2010,
	title={A import{\^a}ncia do controle social na fiscalização dos gastos públicos},
	author={Arruda, {\^A}ngela Furtado and Teles, José Silva},
	journal={Revista Razão Contábil \& Finanças},
	volume={1},
	number={1},
	year={2010},
	url = {http://bit.ly/2H9qNph},
	@url = {http://institutoateneu.com.br/ojs/index.php/RRCF/article/view/3},
	urlaccessdate={27 mar. 2019}
}

@Book{Lakatos:2010,
	title={Fundamentos de metodologia científica},
	author={Lakatos, Eva. Maria. and Marconi, Maria~de. Andrade.},
	year={2019},
	edition = {8},
	publisher={Editora Atlas S.A.}
}

@Book{Gil:2010,
	title={Como elaborar projetos de pesquisa},
	author={Gil, Antonio. Carlos.},
	year={2010},
	edition = {6},
	publisher={Atlas}
}


@Book{Gormley:2015,
	author = {Gormley, Clinton and Tong, Zachary},
	title = {Elasticsearch: The Definitive Guide},
	subtitle = {A distributed real-time search and analytics engine},
	year = {2015},
	edition = {1},
	publisher = {O'Reilly Media, Inc.},
	url = {http://bit.ly/2JnlBRq},
	@url = {https://books.google.com.br/books?hl=pt-BR&lr=&id=d19aBgAAQBAJ&oi=fnd&pg=PR3&dq=Elasticsearch&ots=NzhXsPzAgC&sig=vwBO86w9cdtmsJJpTeVjMxQT0tU#v=onepage&q=Elasticsearch%20real-time&f=false},
	urlaccessdate={27 mar. 2019}
} 

@Inproceedings{Williams:2015,
	title = {Fast and easy language understanding for dialog systems with Microsoft Language Understanding Intelligent Service (LUIS)},
	author = {Williams, Jason and Kamal, Eslam and Ashour, Mokhtar and Amr, Hani and Miller, Jessica and Zweig, Geoff},
	booktitle={Proceedings of the 16th Annual Meeting of the Special Interest Group on Discourse and Dialogue}
	pages={159--161}
	year = {2015},
	     @url = {https://aclweb.org/anthology/volumes/proceedings-of-the-16th-annual-meeting-of-the-special-interest-group-on-discourse-and-dialogue/},
	     @url = {http://bit.ly/2Hgxkys},
	     @url = {https://www.aclweb.org/anthology/W15-4622},
	     url = {http://bit.ly/2VzgEfn},
	     publisher = {Association for Computational Linguistics},
	     month = {sep},
	     year = {2015},
	     pages = {"159--161"},
	     journal={},
	     volume={1},
	     number={},
	     urlaccessdate={5 mai. 2019}
}

@Book{Mayo:2017,
	title={Programming the Microsoft Bot Framework},
	subtitle={A Multiplatform Approach to Building Chatbots},
	author={Mayo, Joe},
	@isbn={9781509304981},
	series={Developer Reference Series},
	url={http://bit.ly/2LDlyUi},
	@url={https://books.google.com.br/books?id=YxInvgAACAAJ},
	year={2017},
	edition = {1},
	publisher={Microsoft Press},
	urlaccessdate={5 mai. 2019}
}

@Article{Pannu:2015,
	title={Artificial intelligence and its application in different areas},
	author={Pannu, Avneet},
	journal={Artificial Intelligence},
	volume={4},
	number={10},
	pages={79--84},
	year={2015},
	url={http://bit.ly/2vXAp1i},
	urlaccessdate={13 mai. 2019}
}

@book{Kulkarni:2019,
	title={Natural Language Processing Recipes},
	subtitle={Unlocking Text Data with Machine Learning and Deep Learning using Python},
	author={Kulkarni, Akshay and Shivananda, Adarsha},
	year={2019},
	@url = {https://books.google.com.br/books?id=bM6FDwAAQBAJ&printsec=frontcover&dq=Natural+Language+Processing+Recipes:+Unlocking+Text+Data+with+Machine+Learning+and+Deep+Learning+using+Python&hl=pt-BR&sa=X&ved=0ahUKEwifz_PU-Z7iAhUsF7kGHVvQDnMQ6AEIKTAA#v=onepage&q&f=false},
	url = {http://bit.ly/2JGElLO},
	urlaccessdate={15 mai. 2019},
	edition = {1},
	publisher={Apress}
}

@book{Reese:2015,
	title={Natural language processing with Java},
	subtitle={Explore various approaches to organize and extract useful text from unstructured data using Java},
	author={Richard Martin Reese},
	year={2015},
	@url = {https://books.google.com.br/books?id=q7y4BwAAQBAJ&printsec=frontcover&dq=Natural+Language+Processing+with+Java&hl=pt-BR&sa=X&ved=0ahUKEwjS8_zPm6biAhUhK7kGHbTIAIgQ6AEIKTAA#v=onepage&q&f=false},
	url = {http://bit.ly/2HDND8x},
	urlaccessdate={18 mai. 2019},
	edition = {1},
	publisher={Packt Publishing Ltd}
}


@Book{@autor:ano,
	title={},
	subtitle={},
	author={},
	year={},
	url = {},
	urlaccessdate={},
	edition = {},
	publisher={}
}


@Article{@autor:ano,
	title={},
	author={},
	year={},
	url = {},
	journal={},
	volume={},
	number={},
	urlaccessdate={}
}
